
    <record>
      <header>
        <identifier>oai:mst.rochester.edu:MetadataServicesToolkit/marcnormalization/86</identifier>
        <datestamp>2012-03-12T14:44:09Z</datestamp>
        <setSpec>MARCXMLbibliographic</setSpec>
      </header>
      <metadata>
        <marc:record xmlns:marc="http://www.loc.gov/MARC21/slim" xmlns:xsi="http://www.w3.org/2001/XMLSchema-instance" xsi:schemaLocation="http://www.loc.gov/MARC21/slim http://localhost:8080/OAIToolkit/schema/MARC21slim_custom.xsd">
          <marc:leader>03205cam a2200517 a 4500</marc:leader>
          <marc:controlfield tag="001">140648</marc:controlfield>
          <marc:controlfield tag="005">20111220154012.0</marc:controlfield>
          <marc:controlfield tag="008">940825s1994    nju      b    001 0ceng  </marc:controlfield>
          <marc:controlfield tag="003">NRU</marc:controlfield>
          <marc:datafield ind1=" " ind2=" " tag="010">
            <marc:subfield code="a">   94034111 </marc:subfield>
          </marc:datafield>
          <marc:datafield ind1="7" ind2=" " tag="016">
            <marc:subfield code="a">9506241</marc:subfield>
            <marc:subfield code="2">DNLM</marc:subfield>
          </marc:datafield>
          <marc:datafield ind1=" " ind2=" " tag="020">
            <marc:subfield code="a">0805813705 (alk. paper)</marc:subfield>
          </marc:datafield>
          <marc:datafield ind1=" " ind2=" " tag="020">
            <marc:subfield code="a">9780805813708 (alk. paper)</marc:subfield>
          </marc:datafield>
          <marc:datafield ind1=" " ind2=" " tag="020">
            <marc:subfield code="a">0805813713 (pbk. : alk. paper)</marc:subfield>
          </marc:datafield>
          <marc:datafield ind1=" " ind2=" " tag="020">
            <marc:subfield code="a">9780805813715 (pbk. : alk. paper)</marc:subfield>
          </marc:datafield>
          <marc:datafield ind1=" " ind2=" " tag="035">
            <marc:subfield code="a">(OCoLC)31133740</marc:subfield>
          </marc:datafield>
          <marc:datafield ind1=" " ind2=" " tag="040">
            <marc:subfield code="a">DLC</marc:subfield>
            <marc:subfield code="c">DLC</marc:subfield>
            <marc:subfield code="d">IAI</marc:subfield>
            <marc:subfield code="d">PIT</marc:subfield>
            <marc:subfield code="d">NLM</marc:subfield>
            <marc:subfield code="d">BAKER</marc:subfield>
            <marc:subfield code="d">NLGGC</marc:subfield>
            <marc:subfield code="d">BTCTA</marc:subfield>
            <marc:subfield code="d">YDXCP</marc:subfield>
            <marc:subfield code="d">OCLCG</marc:subfield>
            <marc:subfield code="d">NIALS</marc:subfield>
            <marc:subfield code="d">DEBBG</marc:subfield>
          </marc:datafield>
          <marc:datafield ind1=" " ind2=" " tag="043">
            <marc:subfield code="a">n-us---</marc:subfield>
          </marc:datafield>
          <marc:datafield ind1=" " ind2=" " tag="049">
            <marc:subfield code="a">ICAA</marc:subfield>
          </marc:datafield>
          <marc:datafield ind1="0" ind2="0" tag="050">
            <marc:subfield code="a">BF109.A1</marc:subfield>
            <marc:subfield code="b">A24 1994</marc:subfield>
          </marc:datafield>
          <marc:datafield ind1="0" ind2="0" tag="060">
            <marc:subfield code="a">1995 D-369</marc:subfield>
          </marc:datafield>
          <marc:datafield ind1="1" ind2="0" tag="060">
            <marc:subfield code="a">BF 109.A1</marc:subfield>
            <marc:subfield code="b">A168 1994</marc:subfield>
          </marc:datafield>
          <marc:datafield ind1="0" ind2="0" tag="082">
            <marc:subfield code="a">150/.92/273</marc:subfield>
            <marc:subfield code="2">20</marc:subfield>
          </marc:datafield>
          <marc:datafield ind1="1" ind2="4" tag="082">
            <marc:subfield code="a">B</marc:subfield>
            <marc:subfield code="2">20</marc:subfield>
          </marc:datafield>
          <marc:datafield ind1=" " ind2=" " tag="084">
            <marc:subfield code="a">77.03</marc:subfield>
            <marc:subfield code="2">bcl</marc:subfield>
          </marc:datafield>
          <marc:datafield ind1="0" ind2="0" tag="245">
            <marc:subfield code="a">Academic paths :</marc:subfield>
            <marc:subfield code="b">career decisions and experiences of psychologists /</marc:subfield>
            <marc:subfield code="c">edited by Peter A. Keller.</marc:subfield>
          </marc:datafield>
          <marc:datafield ind1=" " ind2=" " tag="260">
            <marc:subfield code="a">Hillsdale, N.J. :</marc:subfield>
            <marc:subfield code="b">L. Erlbaum,</marc:subfield>
            <marc:subfield code="c">1994.</marc:subfield>
          </marc:datafield>
          <marc:datafield ind1=" " ind2=" " tag="300">
            <marc:subfield code="a">viii, 172 p. ;</marc:subfield>
            <marc:subfield code="c">24 cm.</marc:subfield>
          </marc:datafield>
          <marc:datafield ind1=" " ind2=" " tag="504">
            <marc:subfield code="a">Includes bibliographical references and index.</marc:subfield>
          </marc:datafield>
          <marc:datafield ind1="0" ind2=" " tag="505">
            <marc:subfield code="a">Career paths in academia : no single route to success / Peter A. Keller -- Psychology and community college teaching : helping people in context / Ann E. Garrett Robinson -- You take the high road, I'll take the low road : a satisfying career at a small state university / Stephen F. Davis -- An unconventional career path in teaching and neuropsychology / Antonio E. Puente -- Reflections on the richness of a small college career / Samuel M. Cameron -- An academic odyssey : experiences in a small college and a major research university / Ludy T. Benjamin, Jr. -- The rhythms and serendipity of an academic life / Baron Perlman -- A midcareer perspective : big city to small university town / Patricia C. Keith-Speigel -- Of people, places, and trees : a varied career in counseling psychology / Ursula Delworth -- The evolution of a feminist psychologist, advocate, and scholar / Nancy Felipe Russo -- Playing the hand that's dealt you : my life and times (so far) as a psychologist / Robert Perloff -- Building a safe environment for children and families : the integration of research, teaching, and public service / Gary Melton -- Change, persistence, and enthusiasm for ethnic research / Stanley Sue -- The autobiography of a social psychologist : scholarship, advocacy, and leadership / Dalmas A. Taylor.</marc:subfield>
          </marc:datafield>
          <marc:datafield ind1=" " ind2="0" tag="650">
            <marc:subfield code="a">Psychologists</marc:subfield>
            <marc:subfield code="x">Biography.</marc:subfield>
          </marc:datafield>
          <marc:datafield ind1="1" ind2="7" tag="650">
            <marc:subfield code="a">Psychologen.</marc:subfield>
            <marc:subfield code="2">gtt</marc:subfield>
          </marc:datafield>
          <marc:datafield ind1="0" ind2="7" tag="650">
            <marc:subfield code="a">Aufsatzsammlung.</marc:subfield>
            <marc:subfield code="2">swd</marc:subfield>
          </marc:datafield>
          <marc:datafield ind1="0" ind2="7" tag="650">
            <marc:subfield code="a">Berufsbild.</marc:subfield>
            <marc:subfield code="2">swd</marc:subfield>
          </marc:datafield>
          <marc:datafield ind1="0" ind2="7" tag="650">
            <marc:subfield code="a">Berufslaufbahn.</marc:subfield>
            <marc:subfield code="2">swd</marc:subfield>
          </marc:datafield>
          <marc:datafield ind1="0" ind2="7" tag="650">
            <marc:subfield code="a">Psychologie.</marc:subfield>
            <marc:subfield code="2">swd</marc:subfield>
          </marc:datafield>
          <marc:datafield ind1="1" ind2="2" tag="650">
            <marc:subfield code="a">Psychology</marc:subfield>
            <marc:subfield code="z">United States</marc:subfield>
            <marc:subfield code="v">Autobiography.</marc:subfield>
          </marc:datafield>
          <marc:datafield ind1="2" ind2="2" tag="650">
            <marc:subfield code="a">Career Choice</marc:subfield>
            <marc:subfield code="z">United States</marc:subfield>
            <marc:subfield code="v">Autobiography.</marc:subfield>
          </marc:datafield>
          <marc:datafield ind1="2" ind2="2" tag="650">
            <marc:subfield code="a">Research</marc:subfield>
            <marc:subfield code="z">United States</marc:subfield>
            <marc:subfield code="v">Autobiography.</marc:subfield>
          </marc:datafield>
          <marc:datafield ind1="2" ind2="2" tag="650">
            <marc:subfield code="a">Teaching</marc:subfield>
            <marc:subfield code="z">United States</marc:subfield>
            <marc:subfield code="v">Autobiography.</marc:subfield>
          </marc:datafield>
          <marc:datafield ind1="1" ind2=" " tag="700">
            <marc:subfield code="a">Keller, Peter A.,</marc:subfield>
            <marc:subfield code="d">1945-</marc:subfield>
          </marc:datafield>
          <marc:datafield ind1="4" ind2="2" tag="856">
            <marc:subfield code="3">Publisher description</marc:subfield>
            <marc:subfield code="u">http://catdir.loc.gov/catdir/enhancements/fy0745/94034111-d.html</marc:subfield>
          </marc:datafield>
          <marc:datafield ind1=" " ind2=" " tag="938">
            <marc:subfield code="a">Baker &amp; Taylor</marc:subfield>
            <marc:subfield code="b">BKTY</marc:subfield>
            <marc:subfield code="c">45.00</marc:subfield>
            <marc:subfield code="d">45.00</marc:subfield>
            <marc:subfield code="i">0805813705</marc:subfield>
            <marc:subfield code="n">0002493538</marc:subfield>
            <marc:subfield code="s">active</marc:subfield>
          </marc:datafield>
          <marc:datafield ind1=" " ind2=" " tag="938">
            <marc:subfield code="a">Baker &amp; Taylor</marc:subfield>
            <marc:subfield code="b">BKTY</marc:subfield>
            <marc:subfield code="c">24.50</marc:subfield>
            <marc:subfield code="d">24.50</marc:subfield>
            <marc:subfield code="i">0805813713</marc:subfield>
            <marc:subfield code="n">0002493541</marc:subfield>
            <marc:subfield code="s">active</marc:subfield>
          </marc:datafield>
          <marc:datafield ind1=" " ind2=" " tag="938">
            <marc:subfield code="a">Baker and Taylor</marc:subfield>
            <marc:subfield code="b">BTCP</marc:subfield>
            <marc:subfield code="n">94034111 //r96</marc:subfield>
          </marc:datafield>
          <marc:datafield ind1=" " ind2=" " tag="938">
            <marc:subfield code="a">YBP Library Services</marc:subfield>
            <marc:subfield code="b">YANK</marc:subfield>
            <marc:subfield code="n">681471</marc:subfield>
          </marc:datafield>
          <marc:datafield ind1=" " ind2=" " tag="994">
            <marc:subfield code="a">C0</marc:subfield>
            <marc:subfield code="b">ICA</marc:subfield>
          </marc:datafield>
          <marc:datafield tag="931" ind1=" " ind2=" ">
            <marc:subfield code="a">Text</marc:subfield>
            <marc:subfield code="5">NRU</marc:subfield>
          </marc:datafield>
          <marc:datafield tag="932" ind1=" " ind2=" ">
            <marc:subfield code="a">Language material</marc:subfield>
            <marc:subfield code="5">NRU</marc:subfield>
          </marc:datafield>
          <marc:datafield tag="933" ind1=" " ind2=" ">
            <marc:subfield code="a">Text</marc:subfield>
            <marc:subfield code="5">NRU</marc:subfield>
          </marc:datafield>
          <marc:datafield tag="935" ind1=" " ind2=" ">
            <marc:subfield code="a">Monograph/Item</marc:subfield>
            <marc:subfield code="5">NRU</marc:subfield>
          </marc:datafield>
          <marc:datafield tag="937" ind1=" " ind2=" ">
            <marc:subfield code="a">Non-Fiction</marc:subfield>
            <marc:subfield code="5">NRU</marc:subfield>
          </marc:datafield>
          <marc:datafield tag="941" ind1=" " ind2=" ">
            <marc:subfield code="a">eng</marc:subfield>
            <marc:subfield code="5">NRU</marc:subfield>
          </marc:datafield>
          <marc:datafield tag="943" ind1=" " ind2=" ">
            <marc:subfield code="a">English</marc:subfield>
            <marc:subfield code="5">NRU</marc:subfield>
          </marc:datafield>
          <marc:datafield tag="947" ind1=" " ind2=" ">
            <marc:subfield code="a">0805813705 </marc:subfield>
            <marc:subfield code="5">NRU</marc:subfield>
          </marc:datafield>
          <marc:datafield tag="947" ind1=" " ind2=" ">
            <marc:subfield code="a">9780805813708 </marc:subfield>
            <marc:subfield code="5">NRU</marc:subfield>
          </marc:datafield>
          <marc:datafield tag="947" ind1=" " ind2=" ">
            <marc:subfield code="a">0805813713 </marc:subfield>
            <marc:subfield code="5">NRU</marc:subfield>
          </marc:datafield>
          <marc:datafield tag="947" ind1=" " ind2=" ">
            <marc:subfield code="a">9780805813715 </marc:subfield>
            <marc:subfield code="5">NRU</marc:subfield>
          </marc:datafield>
          <marc:datafield tag="035" ind1=" " ind2=" ">
            <marc:subfield code="a">(NRU)140648</marc:subfield>
          </marc:datafield>
          <marc:datafield tag="130" ind1="0" ind2=" ">
            <marc:subfield code="a">Academic paths :</marc:subfield>
          </marc:datafield>
          <marc:datafield tag="965" ind1=" " ind2="0">
            <marc:subfield code="a">Psychologists</marc:subfield>
            <marc:subfield code="5">NRU</marc:subfield>
          </marc:datafield>
          <marc:datafield tag="965" ind1="1" ind2="2">
            <marc:subfield code="a">Psychology</marc:subfield>
            <marc:subfield code="5">NRU</marc:subfield>
          </marc:datafield>
          <marc:datafield tag="965" ind1="2" ind2="2">
            <marc:subfield code="a">Career Choice</marc:subfield>
            <marc:subfield code="5">NRU</marc:subfield>
          </marc:datafield>
          <marc:datafield tag="965" ind1="2" ind2="2">
            <marc:subfield code="a">Research</marc:subfield>
            <marc:subfield code="5">NRU</marc:subfield>
          </marc:datafield>
          <marc:datafield tag="965" ind1="2" ind2="2">
            <marc:subfield code="a">Teaching</marc:subfield>
            <marc:subfield code="5">NRU</marc:subfield>
          </marc:datafield>
          <marc:datafield tag="965" ind1=" " ind2="0">
            <marc:subfield code="x">Biography.</marc:subfield>
            <marc:subfield code="5">NRU</marc:subfield>
          </marc:datafield>
          <marc:datafield tag="967" ind1="1" ind2="2">
            <marc:subfield code="z">United States</marc:subfield>
            <marc:subfield code="5">NRU</marc:subfield>
          </marc:datafield>
          <marc:datafield tag="969" ind1="1" ind2="2">
            <marc:subfield code="v">Autobiography.</marc:subfield>
            <marc:subfield code="5">NRU</marc:subfield>
          </marc:datafield>
        </marc:record>
      </metadata>
    </record>