
    <record>
      <header>
        <identifier>oai:mst.rochester.edu:MetadataServicesToolkit/marcnormalization/93</identifier>
        <datestamp>2012-03-12T14:44:09Z</datestamp>
        <setSpec>MARCXMLbibliographic</setSpec>
      </header>
      <metadata>
        <marc:record xmlns:marc="http://www.loc.gov/MARC21/slim" xmlns:xsi="http://www.w3.org/2001/XMLSchema-instance" xsi:schemaLocation="http://www.loc.gov/MARC21/slim http://localhost:8080/OAIToolkit/schema/MARC21slim_custom.xsd">
          <marc:leader>02074cam a2200457 a 4500</marc:leader>
          <marc:controlfield tag="001">99119</marc:controlfield>
          <marc:controlfield tag="005">20111109161444.0</marc:controlfield>
          <marc:controlfield tag="008">920402s1993    nyua     b    001 0 eng  </marc:controlfield>
          <marc:controlfield tag="003">NRU</marc:controlfield>
          <marc:datafield ind1=" " ind2=" " tag="010">
            <marc:subfield code="a">   92015131 </marc:subfield>
          </marc:datafield>
          <marc:datafield ind1="7" ind2=" " tag="016">
            <marc:subfield code="a">9316126</marc:subfield>
            <marc:subfield code="2">DNLM</marc:subfield>
          </marc:datafield>
          <marc:datafield ind1=" " ind2=" " tag="019">
            <marc:subfield code="a">29029478</marc:subfield>
          </marc:datafield>
          <marc:datafield ind1=" " ind2=" " tag="020">
            <marc:subfield code="a">0385247621 :</marc:subfield>
            <marc:subfield code="c">U.S. $29.95 (Canada $36.50)</marc:subfield>
          </marc:datafield>
          <marc:datafield ind1=" " ind2=" " tag="020">
            <marc:subfield code="a">9780385247627</marc:subfield>
          </marc:datafield>
          <marc:datafield ind1="1" ind2=" " tag="029">
            <marc:subfield code="a">NLM</marc:subfield>
            <marc:subfield code="b">9316126</marc:subfield>
          </marc:datafield>
          <marc:datafield ind1="1" ind2=" " tag="029">
            <marc:subfield code="a">NLGGC</marc:subfield>
            <marc:subfield code="b">112234747</marc:subfield>
          </marc:datafield>
          <marc:datafield ind1="1" ind2=" " tag="029">
            <marc:subfield code="a">NLGGC</marc:subfield>
            <marc:subfield code="b">114075425</marc:subfield>
          </marc:datafield>
          <marc:datafield ind1="1" ind2=" " tag="029">
            <marc:subfield code="a">NLGGC</marc:subfield>
            <marc:subfield code="b">137667639</marc:subfield>
          </marc:datafield>
          <marc:datafield ind1="1" ind2=" " tag="029">
            <marc:subfield code="a">YDXCP</marc:subfield>
            <marc:subfield code="b">312182</marc:subfield>
          </marc:datafield>
          <marc:datafield ind1="1" ind2=" " tag="029">
            <marc:subfield code="a">NZ1</marc:subfield>
            <marc:subfield code="b">3543255</marc:subfield>
          </marc:datafield>
          <marc:datafield ind1="1" ind2=" " tag="029">
            <marc:subfield code="a">AU@</marc:subfield>
            <marc:subfield code="b">000008968011</marc:subfield>
          </marc:datafield>
          <marc:datafield ind1=" " ind2=" " tag="035">
            <marc:subfield code="a">(OCoLC)25713272</marc:subfield>
          </marc:datafield>
          <marc:datafield ind1=" " ind2=" " tag="040">
            <marc:subfield code="a">DLC</marc:subfield>
            <marc:subfield code="c">DLC</marc:subfield>
            <marc:subfield code="d">NLM</marc:subfield>
            <marc:subfield code="d">NLGGC</marc:subfield>
            <marc:subfield code="d">BTCTA</marc:subfield>
            <marc:subfield code="d">YDXCP</marc:subfield>
            <marc:subfield code="d">BAKER</marc:subfield>
            <marc:subfield code="d">OCLCG</marc:subfield>
            <marc:subfield code="d">ZCU</marc:subfield>
          </marc:datafield>
          <marc:datafield ind1=" " ind2=" " tag="049">
            <marc:subfield code="a">ICHA</marc:subfield>
          </marc:datafield>
          <marc:datafield ind1="0" ind2="0" tag="050">
            <marc:subfield code="a">BF81</marc:subfield>
            <marc:subfield code="b">.H86 1993</marc:subfield>
          </marc:datafield>
          <marc:datafield ind1="0" ind2="0" tag="060">
            <marc:subfield code="a">BF 81</marc:subfield>
            <marc:subfield code="b">H942s 1993</marc:subfield>
          </marc:datafield>
          <marc:datafield ind1="0" ind2="0" tag="082">
            <marc:subfield code="a">150/.9</marc:subfield>
            <marc:subfield code="2">20</marc:subfield>
          </marc:datafield>
          <marc:datafield ind1=" " ind2=" " tag="084">
            <marc:subfield code="a">77.01</marc:subfield>
            <marc:subfield code="2">bcl</marc:subfield>
          </marc:datafield>
          <marc:datafield ind1="1" ind2=" " tag="100">
            <marc:subfield code="a">Hunt, Morton M.,</marc:subfield>
            <marc:subfield code="d">1920-</marc:subfield>
            <marc:subfield code="4">aut</marc:subfield>
          </marc:datafield>
          <marc:datafield ind1="1" ind2="4" tag="245">
            <marc:subfield code="a">The story of psychology /</marc:subfield>
            <marc:subfield code="c">Morton Hunt.</marc:subfield>
          </marc:datafield>
          <marc:datafield ind1=" " ind2=" " tag="250">
            <marc:subfield code="a">1st ed.</marc:subfield>
          </marc:datafield>
          <marc:datafield ind1=" " ind2=" " tag="260">
            <marc:subfield code="a">New York :</marc:subfield>
            <marc:subfield code="b">Doubleday,</marc:subfield>
            <marc:subfield code="c">c1993.</marc:subfield>
          </marc:datafield>
          <marc:datafield ind1=" " ind2=" " tag="300">
            <marc:subfield code="a">xvi, 762 p. :</marc:subfield>
            <marc:subfield code="b">ill. ;</marc:subfield>
            <marc:subfield code="c">25 cm.</marc:subfield>
          </marc:datafield>
          <marc:datafield ind1=" " ind2=" " tag="504">
            <marc:subfield code="a">Includes bibliographical references (p. [691]-735) and index.</marc:subfield>
          </marc:datafield>
          <marc:datafield ind1="2" ind2=" " tag="505">
            <marc:subfield code="a">Prologue: Exploring the Universe Within -- Pt. 1. Prescientific Psychology. 1. The Conjecturers. 2. The Scholars. 3. The Protopsychologists -- Pt. 2. Founders of a New Science. 4. The Physicalists. 5. First Among Equals: Wundt. 6. The Psychologist Malgre Lui: William James. 7. Explorer of the Depths: Sigmund Freud. 8. The Measurers. 9. The Behaviorists. 10. The Gestaltists -- Pt. 3. Developers and Specialists -- Introduction: The Fissioning of Psychology. 11. The Personality Psychologists. 12. The Developmentalists. 13. The Social Psychologists. 14. The Perception Psychologists. 15. The Motivation and Emotion Psychologists. 16. The Cognitivists. 17. The Psychotherapists. 18. Users and Misusers of Psychology. 19. Psychology Today.</marc:subfield>
          </marc:datafield>
          <marc:datafield ind1=" " ind2="0" tag="650">
            <marc:subfield code="a">Psychology</marc:subfield>
            <marc:subfield code="x">History.</marc:subfield>
          </marc:datafield>
          <marc:datafield ind1=" " ind2="2" tag="650">
            <marc:subfield code="a">Psychoanalysis</marc:subfield>
            <marc:subfield code="x">history</marc:subfield>
            <marc:subfield code="v">Biography.</marc:subfield>
          </marc:datafield>
          <marc:datafield ind1=" " ind2="2" tag="650">
            <marc:subfield code="a">Psychology</marc:subfield>
            <marc:subfield code="v">Biography.</marc:subfield>
          </marc:datafield>
          <marc:datafield ind1=" " ind2="2" tag="650">
            <marc:subfield code="a">Psychology</marc:subfield>
            <marc:subfield code="x">history</marc:subfield>
            <marc:subfield code="v">Biography.</marc:subfield>
          </marc:datafield>
          <marc:datafield ind1="1" ind2="7" tag="650">
            <marc:subfield code="a">Psychologie.</marc:subfield>
            <marc:subfield code="2">gtt</marc:subfield>
          </marc:datafield>
          <marc:datafield ind1="0" ind2="1" tag="740">
            <marc:subfield code="a">Psychology.</marc:subfield>
          </marc:datafield>
          <marc:datafield ind1=" " ind2=" " tag="994">
            <marc:subfield code="a">02</marc:subfield>
            <marc:subfield code="b">ICH</marc:subfield>
          </marc:datafield>
          <marc:datafield tag="931" ind1=" " ind2=" ">
            <marc:subfield code="a">Text</marc:subfield>
            <marc:subfield code="5">NRU</marc:subfield>
          </marc:datafield>
          <marc:datafield tag="932" ind1=" " ind2=" ">
            <marc:subfield code="a">Language material</marc:subfield>
            <marc:subfield code="5">NRU</marc:subfield>
          </marc:datafield>
          <marc:datafield tag="933" ind1=" " ind2=" ">
            <marc:subfield code="a">Text</marc:subfield>
            <marc:subfield code="5">NRU</marc:subfield>
          </marc:datafield>
          <marc:datafield tag="935" ind1=" " ind2=" ">
            <marc:subfield code="a">Monograph/Item</marc:subfield>
            <marc:subfield code="5">NRU</marc:subfield>
          </marc:datafield>
          <marc:datafield tag="937" ind1=" " ind2=" ">
            <marc:subfield code="a">Non-Fiction</marc:subfield>
            <marc:subfield code="5">NRU</marc:subfield>
          </marc:datafield>
          <marc:datafield tag="941" ind1=" " ind2=" ">
            <marc:subfield code="a">eng</marc:subfield>
            <marc:subfield code="5">NRU</marc:subfield>
          </marc:datafield>
          <marc:datafield tag="943" ind1=" " ind2=" ">
            <marc:subfield code="a">English</marc:subfield>
            <marc:subfield code="5">NRU</marc:subfield>
          </marc:datafield>
          <marc:datafield tag="947" ind1=" " ind2=" ">
            <marc:subfield code="a">0385247621 </marc:subfield>
            <marc:subfield code="5">NRU</marc:subfield>
          </marc:datafield>
          <marc:datafield tag="947" ind1=" " ind2=" ">
            <marc:subfield code="a">9780385247627</marc:subfield>
            <marc:subfield code="5">NRU</marc:subfield>
          </marc:datafield>
          <marc:datafield tag="035" ind1=" " ind2=" ">
            <marc:subfield code="a">(NRU)99119</marc:subfield>
          </marc:datafield>
          <marc:datafield tag="240" ind1="0" ind2="0">
            <marc:subfield code="a">Story of psychology /</marc:subfield>
          </marc:datafield>
          <marc:datafield tag="965" ind1=" " ind2="0">
            <marc:subfield code="a">Psychology</marc:subfield>
            <marc:subfield code="5">NRU</marc:subfield>
          </marc:datafield>
          <marc:datafield tag="965" ind1=" " ind2="2">
            <marc:subfield code="a">Psychoanalysis</marc:subfield>
            <marc:subfield code="5">NRU</marc:subfield>
          </marc:datafield>
          <marc:datafield tag="965" ind1=" " ind2="2">
            <marc:subfield code="a">Psychology</marc:subfield>
            <marc:subfield code="5">NRU</marc:subfield>
          </marc:datafield>
          <marc:datafield tag="965" ind1=" " ind2="0">
            <marc:subfield code="x">History.</marc:subfield>
            <marc:subfield code="5">NRU</marc:subfield>
          </marc:datafield>
          <marc:datafield tag="965" ind1=" " ind2="2">
            <marc:subfield code="x">history</marc:subfield>
            <marc:subfield code="5">NRU</marc:subfield>
          </marc:datafield>
          <marc:datafield tag="969" ind1=" " ind2="2">
            <marc:subfield code="v">Biography.</marc:subfield>
            <marc:subfield code="5">NRU</marc:subfield>
          </marc:datafield>
          <marc:datafield tag="246" ind1="3" ind2="0">
            <marc:subfield code="a">Story of psychology /</marc:subfield>
          </marc:datafield>
        </marc:record>
      </metadata>
    </record>