
    <record>
      <header>
        <identifier>oai:mst.rochester.edu:MetadataServicesToolkit/marcnormalization/95</identifier>
        <datestamp>2012-03-12T14:44:09Z</datestamp>
        <setSpec>MARCXMLbibliographic</setSpec>
      </header>
      <metadata>
        <marc:record xmlns:marc="http://www.loc.gov/MARC21/slim" xmlns:xsi="http://www.w3.org/2001/XMLSchema-instance" xsi:schemaLocation="http://www.loc.gov/MARC21/slim http://localhost:8080/OAIToolkit/schema/MARC21slim_custom.xsd">
          <marc:leader>01839cam a2200505 a 4500</marc:leader>
          <marc:controlfield tag="001">136939</marc:controlfield>
          <marc:controlfield tag="005">20090416121232.0</marc:controlfield>
          <marc:controlfield tag="008">931014s1994    ilu      b    001 0deng  </marc:controlfield>
          <marc:controlfield tag="003">NRU</marc:controlfield>
          <marc:datafield ind1=" " ind2=" " tag="010">
            <marc:subfield code="a">   93039285 </marc:subfield>
          </marc:datafield>
          <marc:datafield ind1="7" ind2=" " tag="016">
            <marc:subfield code="a">9431659</marc:subfield>
            <marc:subfield code="2">DNLM</marc:subfield>
          </marc:datafield>
          <marc:datafield ind1=" " ind2=" " tag="019">
            <marc:subfield code="a">31378757</marc:subfield>
            <marc:subfield code="a">34824944</marc:subfield>
          </marc:datafield>
          <marc:datafield ind1=" " ind2=" " tag="020">
            <marc:subfield code="a">0933029810</marc:subfield>
          </marc:datafield>
          <marc:datafield ind1=" " ind2=" " tag="020">
            <marc:subfield code="a">9780933029811</marc:subfield>
          </marc:datafield>
          <marc:datafield ind1="1" ind2=" " tag="029">
            <marc:subfield code="a">NLM</marc:subfield>
            <marc:subfield code="b">9431659</marc:subfield>
          </marc:datafield>
          <marc:datafield ind1="1" ind2=" " tag="029">
            <marc:subfield code="a">YDXCP</marc:subfield>
            <marc:subfield code="b">1100819</marc:subfield>
          </marc:datafield>
          <marc:datafield ind1="1" ind2=" " tag="029">
            <marc:subfield code="a">NZ1</marc:subfield>
            <marc:subfield code="b">4486764</marc:subfield>
          </marc:datafield>
          <marc:datafield ind1="1" ind2=" " tag="029">
            <marc:subfield code="a">AU@</marc:subfield>
            <marc:subfield code="b">000010581712</marc:subfield>
          </marc:datafield>
          <marc:datafield ind1=" " ind2=" " tag="035">
            <marc:subfield code="a">(OCoLC)29254623</marc:subfield>
          </marc:datafield>
          <marc:datafield ind1=" " ind2=" " tag="035">
            <marc:subfield code="z">(OCoLC)31378757</marc:subfield>
            <marc:subfield code="z">(OCoLC)34824944</marc:subfield>
          </marc:datafield>
          <marc:datafield ind1=" " ind2=" " tag="040">
            <marc:subfield code="a">DLC</marc:subfield>
            <marc:subfield code="c">DLC</marc:subfield>
            <marc:subfield code="d">YRM</marc:subfield>
            <marc:subfield code="d">NLM</marc:subfield>
            <marc:subfield code="d">OCL</marc:subfield>
            <marc:subfield code="d">BAKER</marc:subfield>
            <marc:subfield code="d">BTCTA</marc:subfield>
            <marc:subfield code="d">YDXCP</marc:subfield>
            <marc:subfield code="d">OCLCG</marc:subfield>
            <marc:subfield code="d">ZRS</marc:subfield>
          </marc:datafield>
          <marc:datafield ind1=" " ind2=" " tag="049">
            <marc:subfield code="a">JVQA</marc:subfield>
          </marc:datafield>
          <marc:datafield ind1="0" ind2="0" tag="050">
            <marc:subfield code="a">BF109.J8</marc:subfield>
            <marc:subfield code="b">H64 1994</marc:subfield>
          </marc:datafield>
          <marc:datafield ind1="0" ind2="0" tag="060">
            <marc:subfield code="a">1994 D-387</marc:subfield>
          </marc:datafield>
          <marc:datafield ind1="1" ind2="0" tag="060">
            <marc:subfield code="a">WM 460</marc:subfield>
            <marc:subfield code="b">H7155j 1983a</marc:subfield>
          </marc:datafield>
          <marc:datafield ind1="0" ind2="0" tag="082">
            <marc:subfield code="a">150.19/54</marc:subfield>
            <marc:subfield code="2">20</marc:subfield>
          </marc:datafield>
          <marc:datafield ind1="1" ind2=" " tag="100">
            <marc:subfield code="a">Hogenson, George B.</marc:subfield>
            <marc:subfield code="4">aut</marc:subfield>
          </marc:datafield>
          <marc:datafield ind1="1" ind2="0" tag="245">
            <marc:subfield code="a">Jung's struggle with Freud /</marc:subfield>
            <marc:subfield code="c">George B. Hogenson.</marc:subfield>
          </marc:datafield>
          <marc:datafield ind1=" " ind2=" " tag="250">
            <marc:subfield code="a">Rev. ed.</marc:subfield>
          </marc:datafield>
          <marc:datafield ind1=" " ind2=" " tag="260">
            <marc:subfield code="a">Wilmette, Ill. :</marc:subfield>
            <marc:subfield code="b">Chiron Publications,</marc:subfield>
            <marc:subfield code="c">c1994.</marc:subfield>
          </marc:datafield>
          <marc:datafield ind1=" " ind2=" " tag="300">
            <marc:subfield code="a">xviii, 166 p. ;</marc:subfield>
            <marc:subfield code="c">23 cm.</marc:subfield>
          </marc:datafield>
          <marc:datafield ind1=" " ind2=" " tag="504">
            <marc:subfield code="a">Includes bibliographical references (p. [159]-162) and index.</marc:subfield>
          </marc:datafield>
          <marc:datafield ind1="0" ind2=" " tag="505">
            <marc:subfield code="a">Meaning and authority -- From Freud to mythology -- Two metabiographical texts -- Repression -- The interpretation of incest - Time and psyche -- Projection and the life of phantasy.</marc:subfield>
          </marc:datafield>
          <marc:datafield ind1="1" ind2="0" tag="600">
            <marc:subfield code="a">Jung, C. G.</marc:subfield>
            <marc:subfield code="q">(Carl Gustav),</marc:subfield>
            <marc:subfield code="d">1875-1961</marc:subfield>
            <marc:subfield code="x">Adversaries.</marc:subfield>
          </marc:datafield>
          <marc:datafield ind1="1" ind2="0" tag="600">
            <marc:subfield code="a">Freud, Sigmund,</marc:subfield>
            <marc:subfield code="d">1856-1939</marc:subfield>
            <marc:subfield code="x">Adversaries.</marc:subfield>
          </marc:datafield>
          <marc:datafield ind1="1" ind2="2" tag="600">
            <marc:subfield code="a">Jung, C. G.</marc:subfield>
            <marc:subfield code="q">(Carl Gustav),</marc:subfield>
            <marc:subfield code="d">1875-1961.</marc:subfield>
          </marc:datafield>
          <marc:datafield ind1="1" ind2="2" tag="600">
            <marc:subfield code="a">Freud, Sigmund,</marc:subfield>
            <marc:subfield code="d">1856-1939.</marc:subfield>
          </marc:datafield>
          <marc:datafield ind1=" " ind2="0" tag="650">
            <marc:subfield code="a">Psychoanalysis</marc:subfield>
            <marc:subfield code="x">History.</marc:subfield>
          </marc:datafield>
          <marc:datafield ind1=" " ind2="0" tag="650">
            <marc:subfield code="a">Psychoanalysts</marc:subfield>
            <marc:subfield code="v">Biography.</marc:subfield>
          </marc:datafield>
          <marc:datafield ind1="1" ind2="2" tag="650">
            <marc:subfield code="a">Jungian Theory.</marc:subfield>
          </marc:datafield>
          <marc:datafield ind1="1" ind2="2" tag="650">
            <marc:subfield code="a">Freudian Theory.</marc:subfield>
          </marc:datafield>
          <marc:datafield ind1="2" ind2="2" tag="650">
            <marc:subfield code="a">Psychoanalysis</marc:subfield>
            <marc:subfield code="x">history.</marc:subfield>
          </marc:datafield>
          <marc:datafield ind1=" " ind2=" " tag="938">
            <marc:subfield code="a">Baker and Taylor</marc:subfield>
            <marc:subfield code="b">BTCP</marc:subfield>
            <marc:subfield code="n">93039285</marc:subfield>
          </marc:datafield>
          <marc:datafield ind1=" " ind2=" " tag="938">
            <marc:subfield code="a">YBP Library Services</marc:subfield>
            <marc:subfield code="b">YANK</marc:subfield>
            <marc:subfield code="n">1100819</marc:subfield>
          </marc:datafield>
          <marc:datafield ind1=" " ind2=" " tag="938">
            <marc:subfield code="a">Baker &amp; Taylor</marc:subfield>
            <marc:subfield code="b">BKTY</marc:subfield>
            <marc:subfield code="c">19.95</marc:subfield>
            <marc:subfield code="d">19.95</marc:subfield>
            <marc:subfield code="i">0933029810</marc:subfield>
            <marc:subfield code="n">0002356118</marc:subfield>
            <marc:subfield code="s">active</marc:subfield>
          </marc:datafield>
          <marc:datafield ind1=" " ind2=" " tag="994">
            <marc:subfield code="a">02</marc:subfield>
            <marc:subfield code="b">JVQ</marc:subfield>
          </marc:datafield>
          <marc:datafield tag="931" ind1=" " ind2=" ">
            <marc:subfield code="a">Text</marc:subfield>
            <marc:subfield code="5">NRU</marc:subfield>
          </marc:datafield>
          <marc:datafield tag="932" ind1=" " ind2=" ">
            <marc:subfield code="a">Language material</marc:subfield>
            <marc:subfield code="5">NRU</marc:subfield>
          </marc:datafield>
          <marc:datafield tag="933" ind1=" " ind2=" ">
            <marc:subfield code="a">Text</marc:subfield>
            <marc:subfield code="5">NRU</marc:subfield>
          </marc:datafield>
          <marc:datafield tag="935" ind1=" " ind2=" ">
            <marc:subfield code="a">Monograph/Item</marc:subfield>
            <marc:subfield code="5">NRU</marc:subfield>
          </marc:datafield>
          <marc:datafield tag="937" ind1=" " ind2=" ">
            <marc:subfield code="a">Non-Fiction</marc:subfield>
            <marc:subfield code="5">NRU</marc:subfield>
          </marc:datafield>
          <marc:datafield tag="941" ind1=" " ind2=" ">
            <marc:subfield code="a">eng</marc:subfield>
            <marc:subfield code="5">NRU</marc:subfield>
          </marc:datafield>
          <marc:datafield tag="943" ind1=" " ind2=" ">
            <marc:subfield code="a">English</marc:subfield>
            <marc:subfield code="5">NRU</marc:subfield>
          </marc:datafield>
          <marc:datafield tag="947" ind1=" " ind2=" ">
            <marc:subfield code="a">0933029810</marc:subfield>
            <marc:subfield code="5">NRU</marc:subfield>
          </marc:datafield>
          <marc:datafield tag="947" ind1=" " ind2=" ">
            <marc:subfield code="a">9780933029811</marc:subfield>
            <marc:subfield code="5">NRU</marc:subfield>
          </marc:datafield>
          <marc:datafield tag="035" ind1=" " ind2=" ">
            <marc:subfield code="a">(NRU)136939</marc:subfield>
          </marc:datafield>
          <marc:datafield tag="240" ind1="0" ind2="0">
            <marc:subfield code="a">Jung's struggle with Freud /</marc:subfield>
          </marc:datafield>
          <marc:datafield tag="965" ind1="1" ind2="0">
            <marc:subfield code="a">Jung, C. G.</marc:subfield>
            <marc:subfield code="q">(Carl Gustav),</marc:subfield>
            <marc:subfield code="d">1875-1961</marc:subfield>
            <marc:subfield code="5">NRU</marc:subfield>
          </marc:datafield>
          <marc:datafield tag="965" ind1="1" ind2="0">
            <marc:subfield code="a">Freud, Sigmund,</marc:subfield>
            <marc:subfield code="d">1856-1939</marc:subfield>
            <marc:subfield code="5">NRU</marc:subfield>
          </marc:datafield>
          <marc:datafield tag="965" ind1=" " ind2="0">
            <marc:subfield code="a">Psychoanalysis</marc:subfield>
            <marc:subfield code="5">NRU</marc:subfield>
          </marc:datafield>
          <marc:datafield tag="965" ind1=" " ind2="0">
            <marc:subfield code="a">Psychoanalysts</marc:subfield>
            <marc:subfield code="5">NRU</marc:subfield>
          </marc:datafield>
          <marc:datafield tag="965" ind1="2" ind2="2">
            <marc:subfield code="a">Psychoanalysis</marc:subfield>
            <marc:subfield code="5">NRU</marc:subfield>
          </marc:datafield>
          <marc:datafield tag="965" ind1="1" ind2="0">
            <marc:subfield code="x">Adversaries.</marc:subfield>
            <marc:subfield code="5">NRU</marc:subfield>
          </marc:datafield>
          <marc:datafield tag="965" ind1=" " ind2="0">
            <marc:subfield code="x">History.</marc:subfield>
            <marc:subfield code="5">NRU</marc:subfield>
          </marc:datafield>
          <marc:datafield tag="965" ind1="2" ind2="2">
            <marc:subfield code="x">history.</marc:subfield>
            <marc:subfield code="5">NRU</marc:subfield>
          </marc:datafield>
          <marc:datafield tag="969" ind1=" " ind2="0">
            <marc:subfield code="v">Biography.</marc:subfield>
            <marc:subfield code="5">NRU</marc:subfield>
          </marc:datafield>
        </marc:record>
      </metadata>
    </record>