
    <record>
      <header>
        <identifier>oai:mst.rochester.edu:MetadataServicesToolkit/marcnormalization/101</identifier>
        <datestamp>2012-03-12T14:44:09Z</datestamp>
        <setSpec>MARCXMLbibliographic</setSpec>
      </header>
      <metadata>
        <marc:record xmlns:marc="http://www.loc.gov/MARC21/slim" xmlns:xsi="http://www.w3.org/2001/XMLSchema-instance" xsi:schemaLocation="http://www.loc.gov/MARC21/slim http://localhost:8080/OAIToolkit/schema/MARC21slim_custom.xsd">
          <marc:leader>00796cam a2200253 a 4500</marc:leader>
          <marc:controlfield tag="001">98</marc:controlfield>
          <marc:controlfield tag="005">20080718135628.0</marc:controlfield>
          <marc:controlfield tag="008">940817s1995    mnua     b    001 0 eng  </marc:controlfield>
          <marc:controlfield tag="003">NRU</marc:controlfield>
          <marc:datafield ind1=" " ind2=" " tag="010">
            <marc:subfield code="a">   94034602 </marc:subfield>
          </marc:datafield>
          <marc:datafield ind1=" " ind2=" " tag="020">
            <marc:subfield code="a">9780314044587</marc:subfield>
          </marc:datafield>
          <marc:datafield ind1=" " ind2=" " tag="020">
            <marc:subfield code="a">0314044582</marc:subfield>
          </marc:datafield>
          <marc:datafield ind1=" " ind2=" " tag="035">
            <marc:subfield code="9">125</marc:subfield>
          </marc:datafield>
          <marc:datafield ind1=" " ind2=" " tag="040">
            <marc:subfield code="a">DLC</marc:subfield>
            <marc:subfield code="c">DLC</marc:subfield>
            <marc:subfield code="d">DLC</marc:subfield>
          </marc:datafield>
          <marc:datafield ind1="0" ind2="0" tag="050">
            <marc:subfield code="a">BF76.5</marc:subfield>
            <marc:subfield code="b">.E44 1995</marc:subfield>
          </marc:datafield>
          <marc:datafield ind1="1" ind2=" " tag="100">
            <marc:subfield code="a">Elmes, David G.</marc:subfield>
            <marc:subfield code="4">aut</marc:subfield>
          </marc:datafield>
          <marc:datafield ind1="1" ind2="0" tag="245">
            <marc:subfield code="a">Research methods in psychology /</marc:subfield>
            <marc:subfield code="c">David G. Elmes, Barry H. Kantowitz, Henry L. Roediger III.</marc:subfield>
          </marc:datafield>
          <marc:datafield ind1=" " ind2=" " tag="250">
            <marc:subfield code="a">5th ed.</marc:subfield>
          </marc:datafield>
          <marc:datafield ind1=" " ind2=" " tag="260">
            <marc:subfield code="a">St. Paul :</marc:subfield>
            <marc:subfield code="b">West Pub. Co.,</marc:subfield>
            <marc:subfield code="c">c1995.</marc:subfield>
          </marc:datafield>
          <marc:datafield ind1=" " ind2=" " tag="300">
            <marc:subfield code="a">xx, 475 p. :</marc:subfield>
            <marc:subfield code="b">ill. ;</marc:subfield>
            <marc:subfield code="c">26 cm.</marc:subfield>
          </marc:datafield>
          <marc:datafield ind1=" " ind2=" " tag="504">
            <marc:subfield code="a">Includes bibliographical references (p. 431-441) and indexes.</marc:subfield>
          </marc:datafield>
          <marc:datafield ind1=" " ind2="0" tag="650">
            <marc:subfield code="a">Psychology</marc:subfield>
            <marc:subfield code="x">Research</marc:subfield>
            <marc:subfield code="x">Methodology.</marc:subfield>
          </marc:datafield>
          <marc:datafield ind1=" " ind2="0" tag="650">
            <marc:subfield code="a">Psychology, Experimental.</marc:subfield>
          </marc:datafield>
          <marc:datafield ind1="1" ind2="0" tag="700">
            <marc:subfield code="a">Kantowitz, Barry H.</marc:subfield>
          </marc:datafield>
          <marc:datafield ind1="1" ind2=" " tag="700">
            <marc:subfield code="a">Roediger, Henry L.</marc:subfield>
          </marc:datafield>
          <marc:datafield tag="931" ind1=" " ind2=" ">
            <marc:subfield code="a">Text</marc:subfield>
            <marc:subfield code="5">NRU</marc:subfield>
          </marc:datafield>
          <marc:datafield tag="932" ind1=" " ind2=" ">
            <marc:subfield code="a">Language material</marc:subfield>
            <marc:subfield code="5">NRU</marc:subfield>
          </marc:datafield>
          <marc:datafield tag="933" ind1=" " ind2=" ">
            <marc:subfield code="a">Text</marc:subfield>
            <marc:subfield code="5">NRU</marc:subfield>
          </marc:datafield>
          <marc:datafield tag="935" ind1=" " ind2=" ">
            <marc:subfield code="a">Monograph/Item</marc:subfield>
            <marc:subfield code="5">NRU</marc:subfield>
          </marc:datafield>
          <marc:datafield tag="937" ind1=" " ind2=" ">
            <marc:subfield code="a">Non-Fiction</marc:subfield>
            <marc:subfield code="5">NRU</marc:subfield>
          </marc:datafield>
          <marc:datafield tag="941" ind1=" " ind2=" ">
            <marc:subfield code="a">eng</marc:subfield>
            <marc:subfield code="5">NRU</marc:subfield>
          </marc:datafield>
          <marc:datafield tag="943" ind1=" " ind2=" ">
            <marc:subfield code="a">English</marc:subfield>
            <marc:subfield code="5">NRU</marc:subfield>
          </marc:datafield>
          <marc:datafield tag="947" ind1=" " ind2=" ">
            <marc:subfield code="a">9780314044587</marc:subfield>
            <marc:subfield code="5">NRU</marc:subfield>
          </marc:datafield>
          <marc:datafield tag="947" ind1=" " ind2=" ">
            <marc:subfield code="a">0314044582</marc:subfield>
            <marc:subfield code="5">NRU</marc:subfield>
          </marc:datafield>
          <marc:datafield tag="035" ind1=" " ind2=" ">
            <marc:subfield code="a">(NRU)98</marc:subfield>
          </marc:datafield>
          <marc:datafield tag="240" ind1="0" ind2="0">
            <marc:subfield code="a">Research methods in psychology /</marc:subfield>
          </marc:datafield>
          <marc:datafield tag="965" ind1=" " ind2="0">
            <marc:subfield code="a">Psychology</marc:subfield>
            <marc:subfield code="5">NRU</marc:subfield>
          </marc:datafield>
          <marc:datafield tag="965" ind1=" " ind2="0">
            <marc:subfield code="x">Research</marc:subfield>
            <marc:subfield code="5">NRU</marc:subfield>
          </marc:datafield>
          <marc:datafield tag="965" ind1=" " ind2="0">
            <marc:subfield code="x">Methodology.</marc:subfield>
            <marc:subfield code="5">NRU</marc:subfield>
          </marc:datafield>
        </marc:record>
      </metadata>
    </record>