
    <record>
      <header>
        <identifier>oai:mst.rochester.edu:MetadataServicesToolkit/marcnormalization/103</identifier>
        <datestamp>2012-03-12T14:44:09Z</datestamp>
        <setSpec>MARCXMLbibliographic</setSpec>
      </header>
      <metadata>
        <marc:record xmlns:marc="http://www.loc.gov/MARC21/slim" xmlns:xsi="http://www.w3.org/2001/XMLSchema-instance" xsi:schemaLocation="http://www.loc.gov/MARC21/slim http://localhost:8080/OAIToolkit/schema/MARC21slim_custom.xsd">
          <marc:leader>00817cam a22002538a 4500</marc:leader>
          <marc:controlfield tag="001">192</marc:controlfield>
          <marc:controlfield tag="005">20080714200245.0</marc:controlfield>
          <marc:controlfield tag="008">900723s1990    ilu      b    00110 ger  </marc:controlfield>
          <marc:controlfield tag="003">NRU</marc:controlfield>
          <marc:datafield ind1=" " ind2=" " tag="010">
            <marc:subfield code="a">   90044750 //r95</marc:subfield>
          </marc:datafield>
          <marc:datafield ind1=" " ind2=" " tag="020">
            <marc:subfield code="a">9780933029484</marc:subfield>
          </marc:datafield>
          <marc:datafield ind1=" " ind2=" " tag="020">
            <marc:subfield code="a">0933029489</marc:subfield>
          </marc:datafield>
          <marc:datafield ind1=" " ind2=" " tag="035">
            <marc:subfield code="9">247</marc:subfield>
          </marc:datafield>
          <marc:datafield ind1=" " ind2=" " tag="040">
            <marc:subfield code="a">DLC</marc:subfield>
            <marc:subfield code="c">DLC</marc:subfield>
            <marc:subfield code="d">DLC</marc:subfield>
          </marc:datafield>
          <marc:datafield ind1="1" ind2=" " tag="041">
            <marc:subfield code="a">ger</marc:subfield>
            <marc:subfield code="h">eng</marc:subfield>
          </marc:datafield>
          <marc:datafield ind1="0" ind2="0" tag="050">
            <marc:subfield code="a">BF173</marc:subfield>
            <marc:subfield code="b">.D513 1990</marc:subfield>
          </marc:datafield>
          <marc:datafield ind1="1" ind2="0" tag="100">
            <marc:subfield code="a">Dieckmann, Hans.</marc:subfield>
            <marc:subfield code="4">aut</marc:subfield>
          </marc:datafield>
          <marc:datafield ind1="1" ind2="0" tag="240">
            <marc:subfield code="a">Methoden der analytischen Psychologie. / English</marc:subfield>
          </marc:datafield>
          <marc:datafield ind1="1" ind2="0" tag="245">
            <marc:subfield code="a">Methods in analytical psychology :</marc:subfield>
            <marc:subfield code="b">an introduction /</marc:subfield>
            <marc:subfield code="c">Hans Dieckmann ; translated by Boris Matthews.</marc:subfield>
          </marc:datafield>
          <marc:datafield ind1="0" ind2=" " tag="260">
            <marc:subfield code="a">Wilmette, Ill. :</marc:subfield>
            <marc:subfield code="b">Chiron Publications,</marc:subfield>
            <marc:subfield code="c">c1991.</marc:subfield>
          </marc:datafield>
          <marc:datafield ind1=" " ind2=" " tag="263">
            <marc:subfield code="a">9104</marc:subfield>
          </marc:datafield>
          <marc:datafield ind1=" " ind2=" " tag="300">
            <marc:subfield code="a">226 p.</marc:subfield>
          </marc:datafield>
          <marc:datafield ind1=" " ind2=" " tag="500">
            <marc:subfield code="a">Translation of: Methoden der analytischen Psychologie.</marc:subfield>
          </marc:datafield>
          <marc:datafield ind1=" " ind2=" " tag="504">
            <marc:subfield code="a">Includes bibliographical references and index.</marc:subfield>
          </marc:datafield>
          <marc:datafield ind1=" " ind2="0" tag="650">
            <marc:subfield code="a">Jungian psychology.</marc:subfield>
          </marc:datafield>
          <marc:datafield tag="931" ind1=" " ind2=" ">
            <marc:subfield code="a">Text</marc:subfield>
            <marc:subfield code="5">NRU</marc:subfield>
          </marc:datafield>
          <marc:datafield tag="932" ind1=" " ind2=" ">
            <marc:subfield code="a">Language material</marc:subfield>
            <marc:subfield code="5">NRU</marc:subfield>
          </marc:datafield>
          <marc:datafield tag="933" ind1=" " ind2=" ">
            <marc:subfield code="a">Text</marc:subfield>
            <marc:subfield code="5">NRU</marc:subfield>
          </marc:datafield>
          <marc:datafield tag="935" ind1=" " ind2=" ">
            <marc:subfield code="a">Monograph/Item</marc:subfield>
            <marc:subfield code="5">NRU</marc:subfield>
          </marc:datafield>
          <marc:datafield tag="937" ind1=" " ind2=" ">
            <marc:subfield code="a">Non-Fiction</marc:subfield>
            <marc:subfield code="5">NRU</marc:subfield>
          </marc:datafield>
          <marc:datafield tag="941" ind1=" " ind2=" ">
            <marc:subfield code="a">ger</marc:subfield>
            <marc:subfield code="5">NRU</marc:subfield>
          </marc:datafield>
          <marc:datafield tag="943" ind1=" " ind2=" ">
            <marc:subfield code="a">German</marc:subfield>
            <marc:subfield code="5">NRU</marc:subfield>
          </marc:datafield>
          <marc:datafield tag="947" ind1=" " ind2=" ">
            <marc:subfield code="a">9780933029484</marc:subfield>
            <marc:subfield code="5">NRU</marc:subfield>
          </marc:datafield>
          <marc:datafield tag="947" ind1=" " ind2=" ">
            <marc:subfield code="a">0933029489</marc:subfield>
            <marc:subfield code="5">NRU</marc:subfield>
          </marc:datafield>
          <marc:datafield tag="035" ind1=" " ind2=" ">
            <marc:subfield code="a">(NRU)192</marc:subfield>
          </marc:datafield>
        </marc:record>
      </metadata>
    </record>