
    <record>
      <header>
        <identifier>oai:mst.rochester.edu:MetadataServicesToolkit/marcnormalization/111</identifier>
        <datestamp>2012-03-12T14:44:09Z</datestamp>
        <setSpec>MARCXMLbibliographic</setSpec>
      </header>
      <metadata>
        <marc:record xmlns:marc="http://www.loc.gov/MARC21/slim" xmlns:xsi="http://www.w3.org/2001/XMLSchema-instance" xsi:schemaLocation="http://www.loc.gov/MARC21/slim http://localhost:8080/OAIToolkit/schema/MARC21slim_custom.xsd">
          <marc:leader>01184nas a2200337 a 4500</marc:leader>
          <marc:controlfield tag="001">3994</marc:controlfield>
          <marc:controlfield tag="008">750915c19669999dcuar1        0uuua0eng  </marc:controlfield>
          <marc:datafield ind1=" " ind2=" " tag="010">
            <marc:subfield code="a">   67011537 //r892</marc:subfield>
            <marc:subfield code="z">sn 85022403 </marc:subfield>
          </marc:datafield>
          <marc:controlfield tag="003">NRU</marc:controlfield>
          <marc:datafield ind1="0" ind2=" " tag="022">
            <marc:subfield code="a">0084-2281</marc:subfield>
          </marc:datafield>
          <marc:datafield ind1=" " ind2=" " tag="035">
            <marc:subfield code="9">560607</marc:subfield>
          </marc:datafield>
          <marc:datafield ind1=" " ind2=" " tag="040">
            <marc:subfield code="c">FGULS</marc:subfield>
            <marc:subfield code="d">CtY</marc:subfield>
            <marc:subfield code="d">MnMULS</marc:subfield>
            <marc:subfield code="d">CU-UC</marc:subfield>
            <marc:subfield code="d">OCoLC</marc:subfield>
            <marc:subfield code="d">NSD</marc:subfield>
            <marc:subfield code="d">OCoLC</marc:subfield>
            <marc:subfield code="d">InU</marc:subfield>
            <marc:subfield code="d">m/c</marc:subfield>
            <marc:subfield code="d">NST</marc:subfield>
            <marc:subfield code="d">OCoLC</marc:subfield>
            <marc:subfield code="d">DLC</marc:subfield>
            <marc:subfield code="d">InU</marc:subfield>
            <marc:subfield code="d">MiU</marc:subfield>
          </marc:datafield>
          <marc:datafield ind1="0" ind2="0" tag="050">
            <marc:subfield code="a">DT1.D6</marc:subfield>
          </marc:datafield>
          <marc:datafield ind1=" " ind2=" " tag="092">
            <marc:subfield code="a">916</marc:subfield>
          </marc:datafield>
          <marc:datafield ind1=" " ind2="0" tag="130">
            <marc:subfield code="a">Africa (Washington, D.C. : 1966)</marc:subfield>
          </marc:datafield>
          <marc:datafield ind1="0" ind2=" " tag="210">
            <marc:subfield code="a">Africa</marc:subfield>
            <marc:subfield code="b">(Washington, D.C.)</marc:subfield>
          </marc:datafield>
          <marc:datafield ind1="0" ind2="0" tag="222">
            <marc:subfield code="a">Africa</marc:subfield>
            <marc:subfield code="b">(Washington, D.C.)</marc:subfield>
          </marc:datafield>
          <marc:datafield ind1="0" ind2="0" tag="245">
            <marc:subfield code="a">Africa.</marc:subfield>
          </marc:datafield>
          <marc:datafield ind1="0" ind2="0" tag="260">
            <marc:subfield code="a">Washington, D.C. :</marc:subfield>
            <marc:subfield code="b">Stryker-Post Publications,</marc:subfield>
            <marc:subfield code="c">1966-</marc:subfield>
          </marc:datafield>
          <marc:datafield ind1=" " ind2=" " tag="265">
            <marc:subfield code="a">Stryker-Post Publications, Inc., 888 17th St., N.W.,  Washington, D.C. 20006</marc:subfield>
          </marc:datafield>
          <marc:datafield ind1=" " ind2=" " tag="300">
            <marc:subfield code="a">v. :</marc:subfield>
            <marc:subfield code="b">ill., maps, ports. ;</marc:subfield>
            <marc:subfield code="c">28 cm.</marc:subfield>
          </marc:datafield>
          <marc:datafield ind1=" " ind2=" " tag="310">
            <marc:subfield code="a">Annual</marc:subfield>
          </marc:datafield>
          <marc:datafield ind1="1" ind2=" " tag="362">
            <marc:subfield code="a">Began with 1966.</marc:subfield>
          </marc:datafield>
          <marc:datafield ind1="1" ind2=" " tag="490">
            <marc:subfield code="a">The World today series</marc:subfield>
          </marc:datafield>
          <marc:datafield ind1=" " ind2=" " tag="500">
            <marc:subfield code="a">Description based on: 1967.</marc:subfield>
          </marc:datafield>
          <marc:datafield ind1=" " ind2=" " tag="515">
            <marc:subfield code="a">Issues for &lt;1989-&gt; called also &lt;24th annual ed.-&gt;</marc:subfield>
          </marc:datafield>
          <marc:datafield ind1=" " ind2=" " tag="570">
            <marc:subfield code="a">Vols. for 1966-&lt;1989&gt; by P.E. Dostert.</marc:subfield>
          </marc:datafield>
          <marc:datafield ind1=" " ind2="0" tag="651">
            <marc:subfield code="a">Africa</marc:subfield>
            <marc:subfield code="x">Periodicals.</marc:subfield>
          </marc:datafield>
          <marc:datafield ind1="1" ind2="0" tag="700">
            <marc:subfield code="a">Dostert, Pierre Etienne.</marc:subfield>
          </marc:datafield>
          <marc:datafield ind1="1" ind2="0" tag="700">
            <marc:subfield code="a">Cutter, Charles Hickman,</marc:subfield>
            <marc:subfield code="d">1938-</marc:subfield>
          </marc:datafield>
          <marc:datafield ind1=" " ind2="4" tag="830">
            <marc:subfield code="a">The World today series</marc:subfield>
          </marc:datafield>
          <marc:datafield ind1=" " ind2=" " tag="850">
            <marc:subfield code="a">CSf</marc:subfield>
            <marc:subfield code="a">DLC</marc:subfield>
            <marc:subfield code="a">InU</marc:subfield>
            <marc:subfield code="a">MiU</marc:subfield>
            <marc:subfield code="a">NNC</marc:subfield>
            <marc:subfield code="a">NcD</marc:subfield>
            <marc:subfield code="a">PU-W</marc:subfield>
          </marc:datafield>
          <marc:datafield tag="931" ind1=" " ind2=" ">
            <marc:subfield code="a">Text</marc:subfield>
            <marc:subfield code="5">NRU</marc:subfield>
          </marc:datafield>
          <marc:datafield tag="932" ind1=" " ind2=" ">
            <marc:subfield code="a">Language material</marc:subfield>
            <marc:subfield code="5">NRU</marc:subfield>
          </marc:datafield>
          <marc:datafield tag="933" ind1=" " ind2=" ">
            <marc:subfield code="a">Text</marc:subfield>
            <marc:subfield code="5">NRU</marc:subfield>
          </marc:datafield>
          <marc:datafield tag="935" ind1=" " ind2=" ">
            <marc:subfield code="a">Serial</marc:subfield>
            <marc:subfield code="5">NRU</marc:subfield>
          </marc:datafield>
          <marc:datafield tag="937" ind1=" " ind2=" ">
            <marc:subfield code="a">Non-Fiction</marc:subfield>
            <marc:subfield code="5">NRU</marc:subfield>
          </marc:datafield>
          <marc:datafield tag="939" ind1=" " ind2=" ">
            <marc:subfield code="a">1966-    </marc:subfield>
            <marc:subfield code="5">NRU</marc:subfield>
          </marc:datafield>
          <marc:datafield tag="941" ind1=" " ind2=" ">
            <marc:subfield code="a">eng</marc:subfield>
            <marc:subfield code="5">NRU</marc:subfield>
          </marc:datafield>
          <marc:datafield tag="943" ind1=" " ind2=" ">
            <marc:subfield code="a">English</marc:subfield>
            <marc:subfield code="5">NRU</marc:subfield>
          </marc:datafield>
          <marc:datafield tag="035" ind1=" " ind2=" ">
            <marc:subfield code="a">(NRU)3994</marc:subfield>
          </marc:datafield>
          <marc:datafield tag="965" ind1=" " ind2="0">
            <marc:subfield code="x">Periodicals.</marc:subfield>
            <marc:subfield code="5">NRU</marc:subfield>
          </marc:datafield>
          <marc:datafield tag="967" ind1=" " ind2="0">
            <marc:subfield code="a">Africa</marc:subfield>
            <marc:subfield code="5">NRU</marc:subfield>
          </marc:datafield>
        </marc:record>
      </metadata>
    </record>