
    <record>
      <header>
        <identifier>oai:mst.rochester.edu:MetadataServicesToolkit/marcnormalization/136</identifier>
        <datestamp>2012-03-12T14:44:09Z</datestamp>
        <setSpec>MARCXMLbibliographic</setSpec>
      </header>
      <metadata>
        <marc:record xmlns:marc="http://www.loc.gov/MARC21/slim" xmlns:xsi="http://www.w3.org/2001/XMLSchema-instance" xsi:schemaLocation="http://www.loc.gov/MARC21/slim http://localhost:8080/OAIToolkit/schema/MARC21slim_custom.xsd">
          <marc:leader>02957cas a2200541 a 4500</marc:leader>
          <marc:controlfield tag="001">286438</marc:controlfield>
          <marc:controlfield tag="005">20110901164849.0</marc:controlfield>
          <marc:controlfield tag="008">751121c19339999dcuar1    s  f0   a0eng  </marc:controlfield>
          <marc:controlfield tag="003">NRU</marc:controlfield>
          <marc:datafield ind1=" " ind2=" " tag="010">
            <marc:subfield code="a">   33026551 </marc:subfield>
          </marc:datafield>
          <marc:datafield ind1=" " ind2=" " tag="019">
            <marc:subfield code="a">1596250</marc:subfield>
            <marc:subfield code="a">1768214</marc:subfield>
            <marc:subfield code="a">2588638</marc:subfield>
            <marc:subfield code="a">2601205</marc:subfield>
            <marc:subfield code="a">23222123</marc:subfield>
          </marc:datafield>
          <marc:datafield ind1=" " ind2=" " tag="022">
            <marc:subfield code="a">0076-8952</marc:subfield>
          </marc:datafield>
          <marc:datafield ind1=" " ind2=" " tag="030">
            <marc:subfield code="a">MYEAAG</marc:subfield>
          </marc:datafield>
          <marc:datafield ind1=" " ind2=" " tag="035">
            <marc:subfield code="a">(OCoLC)1847412</marc:subfield>
          </marc:datafield>
          <marc:datafield ind1=" " ind2=" " tag="035">
            <marc:subfield code="9">AUZ-0735</marc:subfield>
          </marc:datafield>
          <marc:datafield ind1=" " ind2=" " tag="040">
            <marc:subfield code="a">DLC</marc:subfield>
            <marc:subfield code="c">UDI</marc:subfield>
            <marc:subfield code="d">NSD</marc:subfield>
            <marc:subfield code="d">OCL</marc:subfield>
            <marc:subfield code="d">NSD</marc:subfield>
            <marc:subfield code="d">DLC</marc:subfield>
            <marc:subfield code="d">GPO</marc:subfield>
            <marc:subfield code="d">OCL</marc:subfield>
            <marc:subfield code="d">GPO</marc:subfield>
            <marc:subfield code="d">NST</marc:subfield>
            <marc:subfield code="d">AIP</marc:subfield>
            <marc:subfield code="d">OCL</marc:subfield>
            <marc:subfield code="d">GPO</marc:subfield>
            <marc:subfield code="d">NST</marc:subfield>
            <marc:subfield code="d">GPO</marc:subfield>
            <marc:subfield code="d">HUL</marc:subfield>
            <marc:subfield code="d">GPO</marc:subfield>
            <marc:subfield code="d">NST</marc:subfield>
            <marc:subfield code="d">GPO</marc:subfield>
            <marc:subfield code="d">OCL</marc:subfield>
            <marc:subfield code="d">GPO</marc:subfield>
            <marc:subfield code="d">CLU</marc:subfield>
            <marc:subfield code="d">GPO</marc:subfield>
            <marc:subfield code="d">DLC</marc:subfield>
            <marc:subfield code="d">GPO</marc:subfield>
            <marc:subfield code="d">OCL</marc:subfield>
            <marc:subfield code="d">MYG</marc:subfield>
            <marc:subfield code="d">GPO</marc:subfield>
            <marc:subfield code="d">DLC</marc:subfield>
            <marc:subfield code="d">MvI</marc:subfield>
          </marc:datafield>
          <marc:datafield ind1=" " ind2=" " tag="042">
            <marc:subfield code="a">nsdp</marc:subfield>
            <marc:subfield code="a">lc</marc:subfield>
          </marc:datafield>
          <marc:datafield ind1=" " ind2=" " tag="043">
            <marc:subfield code="a">n-us---</marc:subfield>
          </marc:datafield>
          <marc:datafield ind1=" " ind2=" " tag="049">
            <marc:subfield code="a">SPIC</marc:subfield>
          </marc:datafield>
          <marc:datafield ind1="0" ind2="0" tag="050">
            <marc:subfield code="a">TN23</marc:subfield>
            <marc:subfield code="b">.U612</marc:subfield>
          </marc:datafield>
          <marc:datafield ind1=" " ind2=" " tag="074">
            <marc:subfield code="a">0639</marc:subfield>
          </marc:datafield>
          <marc:datafield ind1=" " ind2=" " tag="074">
            <marc:subfield code="a">0639 (online)</marc:subfield>
          </marc:datafield>
          <marc:datafield ind1=" " ind2=" " tag="082">
            <marc:subfield code="a">338.2/0973</marc:subfield>
          </marc:datafield>
          <marc:datafield ind1="0" ind2=" " tag="086">
            <marc:subfield code="a">I 19.165:</marc:subfield>
          </marc:datafield>
          <marc:datafield ind1="0" ind2=" " tag="210">
            <marc:subfield code="a">Miner. yearb.</marc:subfield>
          </marc:datafield>
          <marc:datafield ind1=" " ind2="0" tag="222">
            <marc:subfield code="a">Minerals yearbook</marc:subfield>
          </marc:datafield>
          <marc:datafield ind1="0" ind2="0" tag="245">
            <marc:subfield code="a">Minerals yearbook /</marc:subfield>
            <marc:subfield code="c">prepared by the staff of the Bureau of Mines.</marc:subfield>
          </marc:datafield>
          <marc:datafield ind1=" " ind2=" " tag="260">
            <marc:subfield code="a">Washington :</marc:subfield>
            <marc:subfield code="b">The Bureau :</marc:subfield>
            <marc:subfield code="b">Supt. of Docs., U.S. G.P.O., [distributor,</marc:subfield>
          </marc:datafield>
          <marc:datafield ind1=" " ind2=" " tag="300">
            <marc:subfield code="a">v. :</marc:subfield>
            <marc:subfield code="b">ill. ;</marc:subfield>
            <marc:subfield code="c">24-28 cm.</marc:subfield>
          </marc:datafield>
          <marc:datafield ind1=" " ind2=" " tag="310">
            <marc:subfield code="a">Annual</marc:subfield>
          </marc:datafield>
          <marc:datafield ind1="1" ind2=" " tag="362">
            <marc:subfield code="a">Began with 1932/33.</marc:subfield>
          </marc:datafield>
          <marc:datafield ind1=" " ind2=" " tag="500">
            <marc:subfield code="a">Description based on: 1977, v. 2.</marc:subfield>
          </marc:datafield>
          <marc:datafield ind1="2" ind2=" " tag="510">
            <marc:subfield code="a">GeoRef</marc:subfield>
            <marc:subfield code="x">0197-7482</marc:subfield>
          </marc:datafield>
          <marc:datafield ind1="0" ind2=" " tag="510">
            <marc:subfield code="a">Chemical abstracts</marc:subfield>
            <marc:subfield code="x">0009-2258</marc:subfield>
          </marc:datafield>
          <marc:datafield ind1=" " ind2=" " tag="515">
            <marc:subfield code="a">Issued in 2 or more v.</marc:subfield>
          </marc:datafield>
          <marc:datafield ind1=" " ind2=" " tag="515">
            <marc:subfield code="a">With issues for 1989-93 and &lt;1996-&gt; v. 3 published in 4-6 unnumbered pts. with distinctive titles.</marc:subfield>
          </marc:datafield>
          <marc:datafield ind1=" " ind2=" " tag="530">
            <marc:subfield code="a">Chapters of some editions also available via Internet at the USGS web site (PDF file only). Address as of 7/31/00: http://minerals.usgs.gov/minerals/pubs/myb.html; current access is available via PURL.</marc:subfield>
          </marc:datafield>
          <marc:datafield ind1=" " ind2=" " tag="550">
            <marc:subfield code="a">Vols. for 1995-   issued by: U.S. Dept. of the Interior, U.S. Geological Survey.</marc:subfield>
          </marc:datafield>
          <marc:datafield ind1=" " ind2=" " tag="580">
            <marc:subfield code="a">Chapters that will later be included in the bound v. are also issued separately in advance of publication as they are completed; until 1987 these separately issued chapters had the general title: Preprints from the ... Bureau of Mines Minerals yearbook; 1988-1989 had the general title: Minerals yearbook; in both cases the ch. heading title followed the general title.  Beginning with 1990 chapters issued under ch. title only, with "Annual report" at head of title.</marc:subfield>
          </marc:datafield>
          <marc:datafield ind1=" " ind2="0" tag="650">
            <marc:subfield code="a">Mineral industries</marc:subfield>
            <marc:subfield code="z">United States</marc:subfield>
            <marc:subfield code="v">Periodicals.</marc:subfield>
          </marc:datafield>
          <marc:datafield ind1=" " ind2="0" tag="650">
            <marc:subfield code="a">Mines and mineral resources</marc:subfield>
            <marc:subfield code="z">United States</marc:subfield>
            <marc:subfield code="v">Periodicals.</marc:subfield>
          </marc:datafield>
          <marc:datafield ind1=" " ind2="0" tag="650">
            <marc:subfield code="a">Mineral industries</marc:subfield>
            <marc:subfield code="v">Periodicals.</marc:subfield>
          </marc:datafield>
          <marc:datafield ind1=" " ind2="0" tag="650">
            <marc:subfield code="a">Mines and mineral resources</marc:subfield>
            <marc:subfield code="v">Periodicals.</marc:subfield>
          </marc:datafield>
          <marc:datafield ind1="1" ind2=" " tag="710">
            <marc:subfield code="a">United States.</marc:subfield>
            <marc:subfield code="b">Bureau of Mines.</marc:subfield>
          </marc:datafield>
          <marc:datafield ind1="2" ind2=" " tag="710">
            <marc:subfield code="a">Geological Survey (U.S.)</marc:subfield>
          </marc:datafield>
          <marc:datafield ind1="0" ind2=" " tag="770">
            <marc:subfield code="t">Statistical appendix to Minerals yearbook</marc:subfield>
            <marc:subfield code="w">(OCoLC)3943805</marc:subfield>
            <marc:subfield code="g">1932/33-1935</marc:subfield>
          </marc:datafield>
          <marc:datafield ind1="0" ind2="1" tag="780">
            <marc:subfield code="t">Mineral resources of the United States</marc:subfield>
            <marc:subfield code="w">(DLC)   04018124</marc:subfield>
            <marc:subfield code="w">(OCoLC)1847343</marc:subfield>
          </marc:datafield>
          <marc:datafield ind1=" " ind2=" " tag="850">
            <marc:subfield code="a">AAP</marc:subfield>
            <marc:subfield code="a">CU-Riv</marc:subfield>
            <marc:subfield code="a">CU-RivP</marc:subfield>
            <marc:subfield code="a">CaSSU</marc:subfield>
            <marc:subfield code="a">DLC</marc:subfield>
            <marc:subfield code="a">ICU</marc:subfield>
            <marc:subfield code="a">LU</marc:subfield>
            <marc:subfield code="a">MH-BA</marc:subfield>
            <marc:subfield code="a">MH-KG</marc:subfield>
            <marc:subfield code="a">NdU</marc:subfield>
            <marc:subfield code="a">NvU</marc:subfield>
            <marc:subfield code="a">PU</marc:subfield>
          </marc:datafield>
          <marc:datafield ind1="4" ind2="1" tag="856">
            <marc:subfield code="u">http://purl.access.gpo.gov/GPO/LPS5003</marc:subfield>
            <marc:subfield code="z">click on volume no.; then click on alphabetical index to select the pertinent ch. name to view (i.e., name of mineral, state, or country) and then click on year (requires Adobe Acrobat software)</marc:subfield>
          </marc:datafield>
          <marc:datafield tag="931" ind1=" " ind2=" ">
            <marc:subfield code="a">Text</marc:subfield>
            <marc:subfield code="5">NRU</marc:subfield>
          </marc:datafield>
          <marc:datafield tag="932" ind1=" " ind2=" ">
            <marc:subfield code="a">Language material</marc:subfield>
            <marc:subfield code="5">NRU</marc:subfield>
          </marc:datafield>
          <marc:datafield tag="933" ind1=" " ind2=" ">
            <marc:subfield code="a">Text</marc:subfield>
            <marc:subfield code="5">NRU</marc:subfield>
          </marc:datafield>
          <marc:datafield tag="935" ind1=" " ind2=" ">
            <marc:subfield code="a">Serial</marc:subfield>
            <marc:subfield code="5">NRU</marc:subfield>
          </marc:datafield>
          <marc:datafield tag="937" ind1=" " ind2=" ">
            <marc:subfield code="a">Non-Fiction</marc:subfield>
            <marc:subfield code="5">NRU</marc:subfield>
          </marc:datafield>
          <marc:datafield tag="939" ind1=" " ind2=" ">
            <marc:subfield code="a">1933-    </marc:subfield>
            <marc:subfield code="5">NRU</marc:subfield>
          </marc:datafield>
          <marc:datafield tag="941" ind1=" " ind2=" ">
            <marc:subfield code="a">eng</marc:subfield>
            <marc:subfield code="5">NRU</marc:subfield>
          </marc:datafield>
          <marc:datafield tag="943" ind1=" " ind2=" ">
            <marc:subfield code="a">English</marc:subfield>
            <marc:subfield code="5">NRU</marc:subfield>
          </marc:datafield>
          <marc:datafield tag="035" ind1=" " ind2=" ">
            <marc:subfield code="a">(NRU)286438</marc:subfield>
          </marc:datafield>
          <marc:datafield tag="130" ind1="0" ind2=" ">
            <marc:subfield code="a">Minerals yearbook /</marc:subfield>
          </marc:datafield>
          <marc:datafield tag="965" ind1=" " ind2="0">
            <marc:subfield code="a">Mineral industries</marc:subfield>
            <marc:subfield code="5">NRU</marc:subfield>
          </marc:datafield>
          <marc:datafield tag="965" ind1=" " ind2="0">
            <marc:subfield code="a">Mines and mineral resources</marc:subfield>
            <marc:subfield code="5">NRU</marc:subfield>
          </marc:datafield>
          <marc:datafield tag="967" ind1=" " ind2="0">
            <marc:subfield code="z">United States</marc:subfield>
            <marc:subfield code="5">NRU</marc:subfield>
          </marc:datafield>
          <marc:datafield tag="969" ind1=" " ind2="0">
            <marc:subfield code="v">Periodicals.</marc:subfield>
            <marc:subfield code="5">NRU</marc:subfield>
          </marc:datafield>
        </marc:record>
      </metadata>
    </record>