
    <record>
      <header>
        <identifier>oai:mst.rochester.edu:MetadataServicesToolkit/marcnormalization/145</identifier>
        <datestamp>2012-03-12T14:44:09Z</datestamp>
        <setSpec>MARCXMLbibliographic</setSpec>
      </header>
      <metadata>
        <marc:record xmlns:marc="http://www.loc.gov/MARC21/slim" xmlns:xsi="http://www.w3.org/2001/XMLSchema-instance" xsi:schemaLocation="http://www.loc.gov/MARC21/slim http://localhost:8080/OAIToolkit/schema/MARC21slim_custom.xsd">
          <marc:leader>01308cas a2200409 a 4500</marc:leader>
          <marc:controlfield tag="001">7498447</marc:controlfield>
          <marc:controlfield tag="005">20090915223359.0</marc:controlfield>
          <marc:controlfield tag="008">880310u1988uuuucauzn         0   a0eng d</marc:controlfield>
          <marc:controlfield tag="003">NRU</marc:controlfield>
          <marc:datafield ind1=" " ind2=" " tag="010">
            <marc:subfield code="a">   91649703 </marc:subfield>
            <marc:subfield code="z">sn 88000614 </marc:subfield>
          </marc:datafield>
          <marc:datafield ind1=" " ind2=" " tag="012">
            <marc:subfield code="a">3</marc:subfield>
            <marc:subfield code="b">3</marc:subfield>
            <marc:subfield code="i">9106</marc:subfield>
            <marc:subfield code="k">1</marc:subfield>
            <marc:subfield code="l">1</marc:subfield>
          </marc:datafield>
          <marc:datafield ind1=" " ind2=" " tag="019">
            <marc:subfield code="a">18725843</marc:subfield>
          </marc:datafield>
          <marc:datafield ind1="0" ind2=" " tag="022">
            <marc:subfield code="a">0897-7372</marc:subfield>
            <marc:subfield code="2">1</marc:subfield>
          </marc:datafield>
          <marc:datafield ind1=" " ind2=" " tag="035">
            <marc:subfield code="a">(OCoLC)17606116</marc:subfield>
          </marc:datafield>
          <marc:datafield ind1=" " ind2=" " tag="035">
            <marc:subfield code="a">(UIUdb)5998966</marc:subfield>
          </marc:datafield>
          <marc:datafield ind1=" " ind2=" " tag="037">
            <marc:subfield code="b">Greenhaven Press, P.O. Box 289909, San Diego, CA 92128-9009</marc:subfield>
          </marc:datafield>
          <marc:datafield ind1=" " ind2=" " tag="040">
            <marc:subfield code="a">NSD</marc:subfield>
            <marc:subfield code="c">NSD</marc:subfield>
            <marc:subfield code="d">IUL</marc:subfield>
            <marc:subfield code="d">OCL</marc:subfield>
            <marc:subfield code="d">COO</marc:subfield>
            <marc:subfield code="d">NST</marc:subfield>
            <marc:subfield code="d">DLC</marc:subfield>
            <marc:subfield code="d">NST</marc:subfield>
            <marc:subfield code="d">DLC</marc:subfield>
            <marc:subfield code="d">NST</marc:subfield>
            <marc:subfield code="d">IUL</marc:subfield>
            <marc:subfield code="d">OCLCQ</marc:subfield>
            <marc:subfield code="d">UIUdb</marc:subfield>
          </marc:datafield>
          <marc:datafield ind1=" " ind2=" " tag="042">
            <marc:subfield code="a">nsdp</marc:subfield>
            <marc:subfield code="a">lc</marc:subfield>
          </marc:datafield>
          <marc:datafield ind1=" " ind2=" " tag="043">
            <marc:subfield code="a">n-us---</marc:subfield>
          </marc:datafield>
          <marc:datafield ind1=" " ind2=" " tag="049">
            <marc:subfield code="a">UIUU</marc:subfield>
          </marc:datafield>
          <marc:datafield ind1="0" ind2="0" tag="050">
            <marc:subfield code="a">HQ1075</marc:subfield>
            <marc:subfield code="b">.M348</marc:subfield>
          </marc:datafield>
          <marc:datafield ind1="0" ind2="0" tag="082">
            <marc:subfield code="a">306.7</marc:subfield>
            <marc:subfield code="2">20</marc:subfield>
          </marc:datafield>
          <marc:datafield ind1="0" ind2=" " tag="210">
            <marc:subfield code="a">Male/female roles</marc:subfield>
          </marc:datafield>
          <marc:datafield ind1=" " ind2="0" tag="222">
            <marc:subfield code="a">Male/female roles</marc:subfield>
          </marc:datafield>
          <marc:datafield ind1="0" ind2="0" tag="245">
            <marc:subfield code="a">Male/female roles.</marc:subfield>
          </marc:datafield>
          <marc:datafield ind1="3" ind2="0" tag="246">
            <marc:subfield code="a">Male, female roles</marc:subfield>
          </marc:datafield>
          <marc:datafield ind1="1" ind2="8" tag="246">
            <marc:subfield code="a">Male/female roles, opposing viewpoints</marc:subfield>
          </marc:datafield>
          <marc:datafield ind1="3" ind2="0" tag="246">
            <marc:subfield code="a">Male, female roles, opposing viewpoints</marc:subfield>
          </marc:datafield>
          <marc:datafield ind1=" " ind2=" " tag="260">
            <marc:subfield code="a">San Diego, CA :</marc:subfield>
            <marc:subfield code="b">Greenhaven Press,</marc:subfield>
            <marc:subfield code="c">c1988-</marc:subfield>
          </marc:datafield>
          <marc:datafield ind1=" " ind2=" " tag="300">
            <marc:subfield code="a">v. ;</marc:subfield>
            <marc:subfield code="c">28 cm.</marc:subfield>
          </marc:datafield>
          <marc:datafield ind1=" " ind2=" " tag="310">
            <marc:subfield code="a">Quadrennial, with annual supplements</marc:subfield>
          </marc:datafield>
          <marc:datafield ind1="0" ind2=" " tag="362">
            <marc:subfield code="a">Vol. 1-</marc:subfield>
          </marc:datafield>
          <marc:datafield ind1=" " ind2="0" tag="440">
            <marc:subfield code="a">Opposing viewpoints sources</marc:subfield>
          </marc:datafield>
          <marc:datafield ind1=" " ind2="0" tag="650">
            <marc:subfield code="a">Sex role</marc:subfield>
            <marc:subfield code="v">Periodicals.</marc:subfield>
          </marc:datafield>
          <marc:datafield ind1=" " ind2="0" tag="650">
            <marc:subfield code="a">Sex role</marc:subfield>
            <marc:subfield code="z">United States</marc:subfield>
            <marc:subfield code="v">Periodicals.</marc:subfield>
          </marc:datafield>
          <marc:datafield ind1="0" ind2=" " tag="760">
            <marc:subfield code="x">1042-1955</marc:subfield>
            <marc:subfield code="w">(DLC)sn 89000001</marc:subfield>
            <marc:subfield code="w">(OCoLC)18988437</marc:subfield>
          </marc:datafield>
          <marc:datafield ind1=" " ind2=" " tag="850">
            <marc:subfield code="a">AAP</marc:subfield>
            <marc:subfield code="a">CU</marc:subfield>
            <marc:subfield code="a">CU-I</marc:subfield>
            <marc:subfield code="a">DLC</marc:subfield>
            <marc:subfield code="a">InLP</marc:subfield>
            <marc:subfield code="a">InU</marc:subfield>
            <marc:subfield code="a">MiEM</marc:subfield>
            <marc:subfield code="a">NIC</marc:subfield>
            <marc:subfield code="a">OkU</marc:subfield>
          </marc:datafield>
          <marc:datafield ind1=" " ind2=" " tag="994">
            <marc:subfield code="a">C0</marc:subfield>
            <marc:subfield code="b">UIU</marc:subfield>
          </marc:datafield>
          <marc:datafield tag="931" ind1=" " ind2=" ">
            <marc:subfield code="a">Text</marc:subfield>
            <marc:subfield code="5">NRU</marc:subfield>
          </marc:datafield>
          <marc:datafield tag="932" ind1=" " ind2=" ">
            <marc:subfield code="a">Language material</marc:subfield>
            <marc:subfield code="5">NRU</marc:subfield>
          </marc:datafield>
          <marc:datafield tag="933" ind1=" " ind2=" ">
            <marc:subfield code="a">Text</marc:subfield>
            <marc:subfield code="5">NRU</marc:subfield>
          </marc:datafield>
          <marc:datafield tag="935" ind1=" " ind2=" ">
            <marc:subfield code="a">Serial</marc:subfield>
            <marc:subfield code="5">NRU</marc:subfield>
          </marc:datafield>
          <marc:datafield tag="937" ind1=" " ind2=" ">
            <marc:subfield code="a">Non-Fiction</marc:subfield>
            <marc:subfield code="5">NRU</marc:subfield>
          </marc:datafield>
          <marc:datafield tag="941" ind1=" " ind2=" ">
            <marc:subfield code="a">eng</marc:subfield>
            <marc:subfield code="5">NRU</marc:subfield>
          </marc:datafield>
          <marc:datafield tag="943" ind1=" " ind2=" ">
            <marc:subfield code="a">English</marc:subfield>
            <marc:subfield code="5">NRU</marc:subfield>
          </marc:datafield>
          <marc:datafield tag="035" ind1=" " ind2=" ">
            <marc:subfield code="a">(NRU)7498447</marc:subfield>
          </marc:datafield>
          <marc:datafield tag="130" ind1="0" ind2=" ">
            <marc:subfield code="a">Male/female roles.</marc:subfield>
          </marc:datafield>
          <marc:datafield tag="965" ind1=" " ind2="0">
            <marc:subfield code="a">Sex role</marc:subfield>
            <marc:subfield code="5">NRU</marc:subfield>
          </marc:datafield>
          <marc:datafield tag="967" ind1=" " ind2="0">
            <marc:subfield code="z">United States</marc:subfield>
            <marc:subfield code="5">NRU</marc:subfield>
          </marc:datafield>
          <marc:datafield tag="969" ind1=" " ind2="0">
            <marc:subfield code="v">Periodicals.</marc:subfield>
            <marc:subfield code="5">NRU</marc:subfield>
          </marc:datafield>
        </marc:record>
      </metadata>
    </record>